%%%%%%%%%%%%%%%%%%%%%%%%%%%%%%%%%%%%%%%%%%%%%%%%%%%%%%%%%%
% TELESCOPES / INSTRUMENTS / SURVEYS / REPOSITORIES ETC. %
%%%%%%%%%%%%%%%%%%%%%%%%%%%%%%%%%%%%%%%%%%%%%%%%%%%%%%%%%%
@ARTICLE{Planck18VI,
       author = {{Planck Collaboration} and {Aghanim}, N. and {Akrami}, Y. and {Ashdown}, M. and {Aumont}, J. and {Baccigalupi}, C. and {Ballardini}, M. and {Banday}, A.~J. and {Barreiro}, R.~B. and {Bartolo}, N. and {Basak}, S. and {Battye}, R. and {Benabed}, K. and {Bernard}, J. -P. and {Bersanelli}, M. and {Bielewicz}, P. and {Bock}, J.~J. and {Bond}, J.~R. and {Borrill}, J. and {Bouchet}, F.~R. and {Boulanger}, F. and {Bucher}, M. and {Burigana}, C. and {Butler}, R.~C. and {Calabrese}, E. and {Cardoso}, J. -F. and {Carron}, J. and {Challinor}, A. and {Chiang}, H.~C. and {Chluba}, J. and {Colombo}, L.~P.~L. and {Combet}, C. and {Contreras}, D. and {Crill}, B.~P. and {Cuttaia}, F. and {de Bernardis}, P. and {de Zotti}, G. and {Delabrouille}, J. and {Delouis}, J. -M. and {Di Valentino}, E. and {Diego}, J.~M. and {Dor{\'e}}, O. and {Douspis}, M. and {Ducout}, A. and {Dupac}, X. and {Dusini}, S. and {Efstathiou}, G. and {Elsner}, F. and {En{\ss}lin}, T.~A. and {Eriksen}, H.~K. and {Fantaye}, Y. and {Farhang}, M. and {Fergusson}, J. and {Fernandez-Cobos}, R. and {Finelli}, F. and {Forastieri}, F. and {Frailis}, M. and {Fraisse}, A.~A. and {Franceschi}, E. and {Frolov}, A. and {Galeotta}, S. and {Galli}, S. and {Ganga}, K. and {G{\'e}nova-Santos}, R.~T. and {Gerbino}, M. and {Ghosh}, T. and {Gonz{\'a}lez-Nuevo}, J. and {G{\'o}rski}, K.~M. and {Gratton}, S. and {Gruppuso}, A. and {Gudmundsson}, J.~E. and {Hamann}, J. and {Handley}, W. and {Hansen}, F.~K. and {Herranz}, D. and {Hildebrandt}, S.~R. and {Hivon}, E. and {Huang}, Z. and {Jaffe}, A.~H. and {Jones}, W.~C. and {Karakci}, A. and {Keih{\"a}nen}, E. and {Keskitalo}, R. and {Kiiveri}, K. and {Kim}, J. and {Kisner}, T.~S. and {Knox}, L. and {Krachmalnicoff}, N. and {Kunz}, M. and {Kurki-Suonio}, H. and {Lagache}, G. and {Lamarre}, J. -M. and {Lasenby}, A. and {Lattanzi}, M. and {Lawrence}, C.~R. and {Le Jeune}, M. and {Lemos}, P. and {Lesgourgues}, J. and {Levrier}, F. and {Lewis}, A. and {Liguori}, M. and {Lilje}, P.~B. and {Lilley}, M. and {Lindholm}, V. and {L{\'o}pez-Caniego}, M. and {Lubin}, P.~M. and {Ma}, Y. -Z. and {Mac{\'\i}as-P{\'e}rez}, J.~F. and {Maggio}, G. and {Maino}, D. and {Mandolesi}, N. and {Mangilli}, A. and {Marcos-Caballero}, A. and {Maris}, M. and {Martin}, P.~G. and {Martinelli}, M. and {Mart{\'\i}nez-Gonz{\'a}lez}, E. and {Matarrese}, S. and {Mauri}, N. and {McEwen}, J.~D. and {Meinhold}, P.~R. and {Melchiorri}, A. and {Mennella}, A. and {Migliaccio}, M. and {Millea}, M. and {Mitra}, S. and {Miville-Desch{\^e}nes}, M. -A. and {Molinari}, D. and {Montier}, L. and {Morgante}, G. and {Moss}, A. and {Natoli}, P. and {N{\o}rgaard-Nielsen}, H.~U. and {Pagano}, L. and {Paoletti}, D. and {Partridge}, B. and {Patanchon}, G. and {Peiris}, H.~V. and {Perrotta}, F. and {Pettorino}, V. and {Piacentini}, F. and {Polastri}, L. and {Polenta}, G. and {Puget}, J. -L. and {Rachen}, J.~P. and {Reinecke}, M. and {Remazeilles}, M. and {Renzi}, A. and {Rocha}, G. and {Rosset}, C. and {Roudier}, G. and {Rubi{\~n}o-Mart{\'\i}n}, J.~A. and {Ruiz-Granados}, B. and {Salvati}, L. and {Sandri}, M. and {Savelainen}, M. and {Scott}, D. and {Shellard}, E.~P.~S. and {Sirignano}, C. and {Sirri}, G. and {Spencer}, L.~D. and {Sunyaev}, R. and {Suur-Uski}, A. -S. and {Tauber}, J.~A. and {Tavagnacco}, D. and {Tenti}, M. and {Toffolatti}, L. and {Tomasi}, M. and {Trombetti}, T. and {Valenziano}, L. and {Valiviita}, J. and {Van Tent}, B. and {Vibert}, L. and {Vielva}, P. and {Villa}, F. and {Vittorio}, N. and {Wandelt}, B.~D. and {Wehus}, I.~K. and {White}, M. and {White}, S.~D.~M. and {Zacchei}, A. and {Zonca}, A.},
        title = "{Planck 2018 results. VI. Cosmological parameters}",
      journal = {\aap},
     keywords = {cosmic background radiation, cosmological parameters, Astrophysics - Cosmology and Nongalactic Astrophysics},
         year = 2020,
        month = sep,
       volume = {641},
          eid = {A6},
        pages = {A6},
          doi = {10.1051/0004-6361/201833910},
archivePrefix = {arXiv},
       eprint = {1807.06209},
 primaryClass = {astro-ph.CO},
       adsurl = {https://ui.adsabs.harvard.edu/abs/2020A&A...641A...6P},
      adsnote = {Provided by the SAO/NASA Astrophysics Data System}
}

@ARTICLE{LSST,
       author = {{Ivezi{\'c}}, {\v{Z}}eljko and {Kahn}, Steven M. and {Tyson}, J. Anthony and {Abel}, Bob and {Acosta}, Emily and {Allsman}, Robyn and {Alonso}, David and {AlSayyad}, Yusra and {Anderson}, Scott F. and {Andrew}, John and {Angel}, James Roger P. and {Angeli}, George Z. and {Ansari}, Reza and {Antilogus}, Pierre and {Araujo}, Constanza and {Armstrong}, Robert and {Arndt}, Kirk T. and {Astier}, Pierre and {Aubourg}, {\'E}ric and {Auza}, Nicole and {Axelrod}, Tim S. and {Bard}, Deborah J. and {Barr}, Jeff D. and {Barrau}, Aurelian and {Bartlett}, James G. and {Bauer}, Amanda E. and {Bauman}, Brian J. and {Baumont}, Sylvain and {Bechtol}, Ellen and {Bechtol}, Keith and {Becker}, Andrew C. and {Becla}, Jacek and {Beldica}, Cristina and {Bellavia}, Steve and {Bianco}, Federica B. and {Biswas}, Rahul and {Blanc}, Guillaume and {Blazek}, Jonathan and {Blandford}, Roger D. and {Bloom}, Josh S. and {Bogart}, Joanne and {Bond}, Tim W. and {Booth}, Michael T. and {Borgland}, Anders W. and {Borne}, Kirk and {Bosch}, James F. and {Boutigny}, Dominique and {Brackett}, Craig A. and {Bradshaw}, Andrew and {Brandt}, William Nielsen and {Brown}, Michael E. and {Bullock}, James S. and {Burchat}, Patricia and {Burke}, David L. and {Cagnoli}, Gianpietro and {Calabrese}, Daniel and {Callahan}, Shawn and {Callen}, Alice L. and {Carlin}, Jeffrey L. and {Carlson}, Erin L. and {Chandrasekharan}, Srinivasan and {Charles-Emerson}, Glenaver and {Chesley}, Steve and {Cheu}, Elliott C. and {Chiang}, Hsin-Fang and {Chiang}, James and {Chirino}, Carol and {Chow}, Derek and {Ciardi}, David R. and {Claver}, Charles F. and {Cohen-Tanugi}, Johann and {Cockrum}, Joseph J. and {Coles}, Rebecca and {Connolly}, Andrew J. and {Cook}, Kem H. and {Cooray}, Asantha and {Covey}, Kevin R. and {Cribbs}, Chris and {Cui}, Wei and {Cutri}, Roc and {Daly}, Philip N. and {Daniel}, Scott F. and {Daruich}, Felipe and {Daubard}, Guillaume and {Daues}, Greg and {Dawson}, William and {Delgado}, Francisco and {Dellapenna}, Alfred and {de Peyster}, Robert and {de Val-Borro}, Miguel and {Digel}, Seth W. and {Doherty}, Peter and {Dubois}, Richard and {Dubois-Felsmann}, Gregory P. and {Durech}, Josef and {Economou}, Frossie and {Eifler}, Tim and {Eracleous}, Michael and {Emmons}, Benjamin L. and {Fausti Neto}, Angelo and {Ferguson}, Henry and {Figueroa}, Enrique and {Fisher-Levine}, Merlin and {Focke}, Warren and {Foss}, Michael D. and {Frank}, James and {Freemon}, Michael D. and {Gangler}, Emmanuel and {Gawiser}, Eric and {Geary}, John C. and {Gee}, Perry and {Geha}, Marla and {Gessner}, Charles J.~B. and {Gibson}, Robert R. and {Gilmore}, D. Kirk and {Glanzman}, Thomas and {Glick}, William and {Goldina}, Tatiana and {Goldstein}, Daniel A. and {Goodenow}, Iain and {Graham}, Melissa L. and {Gressler}, William J. and {Gris}, Philippe and {Guy}, Leanne P. and {Guyonnet}, Augustin and {Haller}, Gunther and {Harris}, Ron and {Hascall}, Patrick A. and {Haupt}, Justine and {Hernandez}, Fabio and {Herrmann}, Sven and {Hileman}, Edward and {Hoblitt}, Joshua and {Hodgson}, John A. and {Hogan}, Craig and {Howard}, James D. and {Huang}, Dajun and {Huffer}, Michael E. and {Ingraham}, Patrick and {Innes}, Walter R. and {Jacoby}, Suzanne H. and {Jain}, Bhuvnesh and {Jammes}, Fabrice and {Jee}, M. James and {Jenness}, Tim and {Jernigan}, Garrett and {Jevremovi{\'c}}, Darko and {Johns}, Kenneth and {Johnson}, Anthony S. and {Johnson}, Margaret W.~G. and {Jones}, R. Lynne and {Juramy-Gilles}, Claire and {Juri{\'c}}, Mario and {Kalirai}, Jason S. and {Kallivayalil}, Nitya J. and {Kalmbach}, Bryce and {Kantor}, Jeffrey P. and {Karst}, Pierre and {Kasliwal}, Mansi M. and {Kelly}, Heather and {Kessler}, Richard and {Kinnison}, Veronica and {Kirkby}, David and {Knox}, Lloyd and {Kotov}, Ivan V. and {Krabbendam}, Victor L. and {Krughoff}, K. Simon and {Kub{\'a}nek}, Petr and {Kuczewski}, John and {Kulkarni}, Shri and {Ku}, John and {Kurita}, Nadine R. and {Lage}, Craig S. and {Lambert}, Ron and {Lange}, Travis and {Langton}, J. Brian and {Le Guillou}, Laurent and {Levine}, Deborah and {Liang}, Ming and {Lim}, Kian-Tat and {Lintott}, Chris J. and {Long}, Kevin E. and {Lopez}, Margaux and {Lotz}, Paul J. and {Lupton}, Robert H. and {Lust}, Nate B. and {MacArthur}, Lauren A. and {Mahabal}, Ashish and {Mandelbaum}, Rachel and {Markiewicz}, Thomas W. and {Marsh}, Darren S. and {Marshall}, Philip J. and {Marshall}, Stuart and {May}, Morgan and {McKercher}, Robert and {McQueen}, Michelle and {Meyers}, Joshua and {Migliore}, Myriam and {Miller}, Michelle and {Mills}, David J. and {Miraval}, Connor and {Moeyens}, Joachim and {Moolekamp}, Fred E. and {Monet}, David G. and {Moniez}, Marc and {Monkewitz}, Serge and {Montgomery}, Christopher and {Morrison}, Christopher B. and {Mueller}, Fritz and {Muller}, Gary P. and {Mu{\~n}oz Arancibia}, Freddy and {Neill}, Douglas R. and {Newbry}, Scott P. and {Nief}, Jean-Yves and {Nomerotski}, Andrei and {Nordby}, Martin and {O'Connor}, Paul and {Oliver}, John and {Olivier}, Scot S. and {Olsen}, Knut and {O'Mullane}, William and {Ortiz}, Sandra and {Osier}, Shawn and {Owen}, Russell E. and {Pain}, Reynald and {Palecek}, Paul E. and {Parejko}, John K. and {Parsons}, James B. and {Pease}, Nathan M. and {Peterson}, J. Matt and {Peterson}, John R. and {Petravick}, Donald L. and {Libby Petrick}, M.~E. and {Petry}, Cathy E. and {Pierfederici}, Francesco and {Pietrowicz}, Stephen and {Pike}, Rob and {Pinto}, Philip A. and {Plante}, Raymond and {Plate}, Stephen and {Plutchak}, Joel P. and {Price}, Paul A. and {Prouza}, Michael and {Radeka}, Veljko and {Rajagopal}, Jayadev and {Rasmussen}, Andrew P. and {Regnault}, Nicolas and {Reil}, Kevin A. and {Reiss}, David J. and {Reuter}, Michael A. and {Ridgway}, Stephen T. and {Riot}, Vincent J. and {Ritz}, Steve and {Robinson}, Sean and {Roby}, William and {Roodman}, Aaron and {Rosing}, Wayne and {Roucelle}, Cecille and {Rumore}, Matthew R. and {Russo}, Stefano and {Saha}, Abhijit and {Sassolas}, Benoit and {Schalk}, Terry L. and {Schellart}, Pim and {Schindler}, Rafe H. and {Schmidt}, Samuel and {Schneider}, Donald P. and {Schneider}, Michael D. and {Schoening}, William and {Schumacher}, German and {Schwamb}, Megan E. and {Sebag}, Jacques and {Selvy}, Brian and {Sembroski}, Glenn H. and {Seppala}, Lynn G. and {Serio}, Andrew and {Serrano}, Eduardo and {Shaw}, Richard A. and {Shipsey}, Ian and {Sick}, Jonathan and {Silvestri}, Nicole and {Slater}, Colin T. and {Smith}, J. Allyn and {Smith}, R. Chris and {Sobhani}, Shahram and {Soldahl}, Christine and {Storrie-Lombardi}, Lisa and {Stover}, Edward and {Strauss}, Michael A. and {Street}, Rachel A. and {Stubbs}, Christopher W. and {Sullivan}, Ian S. and {Sweeney}, Donald and {Swinbank}, John D. and {Szalay}, Alexander and {Takacs}, Peter and {Tether}, Stephen A. and {Thaler}, Jon J. and {Thayer}, John Gregg and {Thomas}, Sandrine and {Thornton}, Adam J. and {Thukral}, Vaikunth and {Tice}, Jeffrey and {Trilling}, David E. and {Turri}, Max and {Van Berg}, Richard and {Vanden Berk}, Daniel and {Vetter}, Kurt and {Virieux}, Francoise and {Vucina}, Tomislav and {Wahl}, William and {Walkowicz}, Lucianne and {Walsh}, Brian and {Walter}, Christopher W. and {Wang}, Daniel L. and {Wang}, Shin-Yawn and {Warner}, Michael and {Wiecha}, Oliver and {Willman}, Beth and {Winters}, Scott E. and {Wittman}, David and {Wolff}, Sidney C. and {Wood-Vasey}, W. Michael and {Wu}, Xiuqin and {Xin}, Bo and {Yoachim}, Peter and {Zhan}, Hu},
        title = "{LSST: From Science Drivers to Reference Design and Anticipated Data Products}",
      journal = {\apj},
     keywords = {astrometry, cosmology: observations, Galaxy: general, methods: observational, stars: general, surveys, Astrophysics},
         year = 2019,
        month = mar,
       volume = {873},
       number = {2},
          eid = {111},
        pages = {111},
          doi = {10.3847/1538-4357/ab042c},
archivePrefix = {arXiv},
       eprint = {0805.2366},
 primaryClass = {astro-ph},
       adsurl = {https://ui.adsabs.harvard.edu/abs/2019ApJ...873..111I},
      adsnote = {Provided by the SAO/NASA Astrophysics Data System}
}

@ARTICLE{WISE,
       author = {{Wright}, Edward L. and {Eisenhardt}, Peter R.~M. and {Mainzer}, Amy K. and {Ressler}, Michael E. and {Cutri}, Roc M. and {Jarrett}, Thomas and {Kirkpatrick}, J. Davy and {Padgett}, Deborah and {McMillan}, Robert S. and {Skrutskie}, Michael and {Stanford}, S.~A. and {Cohen}, Martin and {Walker}, Russell G. and {Mather}, John C. and {Leisawitz}, David and {Gautier}, Thomas N., III and {McLean}, Ian and {Benford}, Dominic and {Lonsdale}, Carol J. and {Blain}, Andrew and {Mendez}, Bryan and {Irace}, William R. and {Duval}, Valerie and {Liu}, Fengchuan and {Royer}, Don and {Heinrichsen}, Ingolf and {Howard}, Joan and {Shannon}, Mark and {Kendall}, Martha and {Walsh}, Amy L. and {Larsen}, Mark and {Cardon}, Joel G. and {Schick}, Scott and {Schwalm}, Mark and {Abid}, Mohamed and {Fabinsky}, Beth and {Naes}, Larry and {Tsai}, Chao-Wei},
        title = "{The Wide-field Infrared Survey Explorer (WISE): Mission Description and Initial On-orbit Performance}",
      journal = {\aj},
     keywords = {infrared: general, space vehicles, surveys, Astrophysics - Instrumentation and Methods for Astrophysics},
         year = 2010,
        month = dec,
       volume = {140},
       number = {6},
        pages = {1868-1881},
          doi = {10.1088/0004-6256/140/6/1868},
archivePrefix = {arXiv},
       eprint = {1008.0031},
 primaryClass = {astro-ph.IM},
       adsurl = {https://ui.adsabs.harvard.edu/abs/2010AJ....140.1868W},
      adsnote = {Provided by the SAO/NASA Astrophysics Data System}
}

@ARTICLE{PTF_1,
       author = {{Law}, Nicholas M. and {Kulkarni}, Shrinivas R. and {Dekany}, Richard G. and {Ofek}, Eran O. and {Quimby}, Robert M. and {Nugent}, Peter E. and {Surace}, Jason and {Grillmair}, Carl C. and {Bloom}, Joshua S. and {Kasliwal}, Mansi M. and {Bildsten}, Lars and {Brown}, Tim and {Cenko}, S. Bradley and {Ciardi}, David and {Croner}, Ernest and {Djorgovski}, S. George and {van Eyken}, Julian and {Filippenko}, Alexei V. and {Fox}, Derek B. and {Gal-Yam}, Avishay and {Hale}, David and {Hamam}, Nouhad and {Helou}, George and {Henning}, John and {Howell}, D. Andrew and {Jacobsen}, Janet and {Laher}, Russ and {Mattingly}, Sean and {McKenna}, Dan and {Pickles}, Andrew and {Poznanski}, Dovi and {Rahmer}, Gustavo and {Rau}, Arne and {Rosing}, Wayne and {Shara}, Michael and {Smith}, Roger and {Starr}, Dan and {Sullivan}, Mark and {Velur}, Viswa and {Walters}, Richard and {Zolkower}, Jeff},
        title = "{The Palomar Transient Factory: System Overview, Performance, and First Results}",
      journal = {\pasp},
     keywords = {Astrophysics - Instrumentation and Methods for Astrophysics, Astrophysics - Cosmology and Nongalactic Astrophysics},
         year = 2009,
        month = dec,
       volume = {121},
       number = {886},
        pages = {1395},
          doi = {10.1086/648598},
archivePrefix = {arXiv},
       eprint = {0906.5350},
 primaryClass = {astro-ph.IM},
       adsurl = {https://ui.adsabs.harvard.edu/abs/2009PASP..121.1395L},
      adsnote = {Provided by the SAO/NASA Astrophysics Data System}
}

@ARTICLE{PTF_2,
       author = {{Rau}, Arne and {Kulkarni}, Shrinivas R. and {Law}, Nicholas M. and {Bloom}, Joshua S. and {Ciardi}, David and {Djorgovski}, George S. and {Fox}, Derek B. and {Gal-Yam}, Avishay and {Grillmair}, Carl C. and {Kasliwal}, Mansi M. and {Nugent}, Peter E. and {Ofek}, Eran O. and {Quimby}, Robert M. and {Reach}, William T. and {Shara}, Michael and {Bildsten}, Lars and {Cenko}, S. Bradley and {Drake}, Andrew J. and {Filippenko}, Alexei V. and {Helfand}, David J. and {Helou}, George and {Howell}, D. Andrew and {Poznanski}, Dovi and {Sullivan}, Mark},
        title = "{Exploring the Optical Transient Sky with the Palomar Transient Factory}",
      journal = {\pasp},
     keywords = {Astrophysics - Cosmology and Extragalactic Astrophysics, Astrophysics - Galaxy Astrophysics},
         year = 2009,
        month = dec,
       volume = {121},
       number = {886},
        pages = {1334},
          doi = {10.1086/605911},
archivePrefix = {arXiv},
       eprint = {0906.5355},
 primaryClass = {astro-ph.CO},
       adsurl = {https://ui.adsabs.harvard.edu/abs/2009PASP..121.1334R},
      adsnote = {Provided by the SAO/NASA Astrophysics Data System}
}

@ARTICLE{iPTF,
       author = {{Kulkarni}, S.~R.},
        title = "{The intermediate Palomar Transient Factory (iPTF) begins}",
      journal = {The Astronomer's Telegram},
     keywords = {Radio, Infra-Red, Optical, Ultra-Violet, X-ray, Nova, Supernovae, Transient, Variables},
         year = 2013,
        month = feb,
       volume = {4807},
        pages = {1},
       adsurl = {https://ui.adsabs.harvard.edu/abs/2013ATel.4807....1K},
      adsnote = {Provided by the SAO/NASA Astrophysics Data System}
}

@ARTICLE{ASASSN_paper1,
       author = {{Shappee}, B.~J. and {Prieto}, J.~L. and {Grupe}, D. and {Kochanek}, C.~S. and {Stanek}, K.~Z. and {De Rosa}, G. and {Mathur}, S. and {Zu}, Y. and {Peterson}, B.~M. and {Pogge}, R.~W. and {Komossa}, S. and {Im}, M. and {Jencson}, J. and {Holoien}, T.~W. -S. and {Basu}, U. and {Beacom}, J.~F. and {Szczygie{\l}}, D.~M. and {Brimacombe}, J. and {Adams}, S. and {Campillay}, A. and {Choi}, C. and {Contreras}, C. and {Dietrich}, M. and {Dubberley}, M. and {Elphick}, M. and {Foale}, S. and {Giustini}, M. and {Gonzalez}, C. and {Hawkins}, E. and {Howell}, D.~A. and {Hsiao}, E.~Y. and {Koss}, M. and {Leighly}, K.~M. and {Morrell}, N. and {Mudd}, D. and {Mullins}, D. and {Nugent}, J.~M. and {Parrent}, J. and {Phillips}, M.~M. and {Pojmanski}, G. and {Rosing}, W. and {Ross}, R. and {Sand}, D. and {Terndrup}, D.~M. and {Valenti}, S. and {Walker}, Z. and {Yoon}, Y.},
        title = "{The Man behind the Curtain: X-Rays Drive the UV through NIR Variability in the 2013 Active Galactic Nucleus Outburst in NGC 2617}",
      journal = {\apj},
     keywords = {galaxies: active, galaxies: nuclei, galaxies: Seyfert, line: formation, line: profiles, Astrophysics - High Energy Astrophysical Phenomena, Astrophysics - Cosmology and Nongalactic Astrophysics},
         year = 2014,
        month = jun,
       volume = {788},
       number = {1},
          eid = {48},
        pages = {48},
          doi = {10.1088/0004-637X/788/1/48},
archivePrefix = {arXiv},
       eprint = {1310.2241},
 primaryClass = {astro-ph.HE},
       adsurl = {https://ui.adsabs.harvard.edu/abs/2014ApJ...788...48S},
      adsnote = {Provided by the SAO/NASA Astrophysics Data System}
}

@ARTICLE{ASASSN_catalog,
       author = {{Jayasinghe}, T. and {Stanek}, K.~Z. and {Kochanek}, C.~S. and {Shappee}, B.~J. and {Holoien}, T.~W. -S. and {Thompson}, Todd A. and {Prieto}, J.~L. and {Dong}, Subo and {Pawlak}, M. and {Pejcha}, O. and {Shields}, J.~V. and {Pojmanski}, G. and {Otero}, S. and {Hurst}, N. and {Britt}, C.~A. and {Will}, D.},
        title = "{The ASAS-SN catalogue of variable stars III: variables in the southern TESS continuous viewing zone}",
      journal = {\mnras},
     keywords = {catalogues, surveys, binaries: eclipsing, Astrophysics - Solar and Stellar Astrophysics},
         year = 2019,
        month = may,
       volume = {485},
       number = {1},
        pages = {961-971},
          doi = {10.1093/mnras/stz444},
archivePrefix = {arXiv},
       eprint = {1901.00009},
 primaryClass = {astro-ph.SR},
       adsurl = {https://ui.adsabs.harvard.edu/abs/2019MNRAS.485..961J},
      adsnote = {Provided by the SAO/NASA Astrophysics Data System}
}


@ARTICLE{Pan-STARRS1,
       author = {{Chambers}, K.~C. and {Magnier}, E.~A. and {Metcalfe}, N. and {Flewelling}, H.~A. and {Huber}, M.~E. and {Waters}, C.~Z. and {Denneau}, L. and {Draper}, P.~W. and {Farrow}, D. and {Finkbeiner}, D.~P. and {Holmberg}, C. and {Koppenhoefer}, J. and {Price}, P.~A. and {Rest}, A. and {Saglia}, R.~P. and {Schlafly}, E.~F. and {Smartt}, S.~J. and {Sweeney}, W. and {Wainscoat}, R.~J. and {Burgett}, W.~S. and {Chastel}, S. and {Grav}, T. and {Heasley}, J.~N. and {Hodapp}, K.~W. and {Jedicke}, R. and {Kaiser}, N. and {Kudritzki}, R. -P. and {Luppino}, G.~A. and {Lupton}, R.~H. and {Monet}, D.~G. and {Morgan}, J.~S. and {Onaka}, P.~M. and {Shiao}, B. and {Stubbs}, C.~W. and {Tonry}, J.~L. and {White}, R. and {Ba{\~n}ados}, E. and {Bell}, E.~F. and {Bender}, R. and {Bernard}, E.~J. and {Boegner}, M. and {Boffi}, F. and {Botticella}, M.~T. and {Calamida}, A. and {Casertano}, S. and {Chen}, W. -P. and {Chen}, X. and {Cole}, S. and {Deacon}, N. and {Frenk}, C. and {Fitzsimmons}, A. and {Gezari}, S. and {Gibbs}, V. and {Goessl}, C. and {Goggia}, T. and {Gourgue}, R. and {Goldman}, B. and {Grant}, P. and {Grebel}, E.~K. and {Hambly}, N.~C. and {Hasinger}, G. and {Heavens}, A.~F. and {Heckman}, T.~M. and {Henderson}, R. and {Henning}, T. and {Holman}, M. and {Hopp}, U. and {Ip}, W. -H. and {Isani}, S. and {Jackson}, M. and {Keyes}, C.~D. and {Koekemoer}, A.~M. and {Kotak}, R. and {Le}, D. and {Liska}, D. and {Long}, K.~S. and {Lucey}, J.~R. and {Liu}, M. and {Martin}, N.~F. and {Masci}, G. and {McLean}, B. and {Mindel}, E. and {Misra}, P. and {Morganson}, E. and {Murphy}, D.~N.~A. and {Obaika}, A. and {Narayan}, G. and {Nieto-Santisteban}, M.~A. and {Norberg}, P. and {Peacock}, J.~A. and {Pier}, E.~A. and {Postman}, M. and {Primak}, N. and {Rae}, C. and {Rai}, A. and {Riess}, A. and {Riffeser}, A. and {Rix}, H.~W. and {R{\"o}ser}, S. and {Russel}, R. and {Rutz}, L. and {Schilbach}, E. and {Schultz}, A.~S.~B. and {Scolnic}, D. and {Strolger}, L. and {Szalay}, A. and {Seitz}, S. and {Small}, E. and {Smith}, K.~W. and {Soderblom}, D.~R. and {Taylor}, P. and {Thomson}, R. and {Taylor}, A.~N. and {Thakar}, A.~R. and {Thiel}, J. and {Thilker}, D. and {Unger}, D. and {Urata}, Y. and {Valenti}, J. and {Wagner}, J. and {Walder}, T. and {Walter}, F. and {Watters}, S.~P. and {Werner}, S. and {Wood-Vasey}, W.~M. and {Wyse}, R.},
        title = "{The Pan-STARRS1 Surveys}",
      journal = {arXiv e-prints},
     keywords = {Astrophysics - Instrumentation and Methods for Astrophysics, Astrophysics - Earth and Planetary Astrophysics, Astrophysics - Astrophysics of Galaxies, Astrophysics - Solar and Stellar Astrophysics},
         year = 2016,
        month = dec,
          eid = {arXiv:1612.05560},
        pages = {arXiv:1612.05560},
          doi = {10.48550/arXiv.1612.05560},
archivePrefix = {arXiv},
       eprint = {1612.05560},
 primaryClass = {astro-ph.IM},
       adsurl = {https://ui.adsabs.harvard.edu/abs/2016arXiv161205560C},
      adsnote = {Provided by the SAO/NASA Astrophysics Data System}
}

@ARTICLE{Gaia,
       author = {{Gaia Collaboration} and {Prusti}, T. and {de Bruijne}, J.~H.~J. and {Brown}, A.~G.~A. and {Vallenari}, A. and {Babusiaux}, C. and {Bailer-Jones}, C.~A.~L. and {Bastian}, U. and {Biermann}, M. and {Evans}, D.~W. and {Eyer}, L. and {Jansen}, F. and {Jordi}, C. and {Klioner}, S.~A. and {Lammers}, U. and {Lindegren}, L. and {Luri}, X. and {Mignard}, F. and {Milligan}, D.~J. and {Panem}, C. and {Poinsignon}, V. and {Pourbaix}, D. and {Randich}, S. and {Sarri}, G. and {Sartoretti}, P. and {Siddiqui}, H.~I. and {Soubiran}, C. and {Valette}, V. and {van Leeuwen}, F. and {Walton}, N.~A. and {Aerts}, C. and {Arenou}, F. and {Cropper}, M. and {Drimmel}, R. and {H{\o}g}, E. and {Katz}, D. and {Lattanzi}, M.~G. and {O'Mullane}, W. and {Grebel}, E.~K. and {Holland}, A.~D. and {Huc}, C. and {Passot}, X. and {Bramante}, L. and {Cacciari}, C. and {Casta{\~n}eda}, J. and {Chaoul}, L. and {Cheek}, N. and {De Angeli}, F. and {Fabricius}, C. and {Guerra}, R. and {Hern{\'a}ndez}, J. and {Jean-Antoine-Piccolo}, A. and {Masana}, E. and {Messineo}, R. and {Mowlavi}, N. and {Nienartowicz}, K. and {Ord{\'o}{\~n}ez-Blanco}, D. and {Panuzzo}, P. and {Portell}, J. and {Richards}, P.~J. and {Riello}, M. and {Seabroke}, G.~M. and {Tanga}, P. and {Th{\'e}venin}, F. and {Torra}, J. and {Els}, S.~G. and {Gracia-Abril}, G. and {Comoretto}, G. and {Garcia-Reinaldos}, M. and {Lock}, T. and {Mercier}, E. and {Altmann}, M. and {Andrae}, R. and {Astraatmadja}, T.~L. and {Bellas-Velidis}, I. and {Benson}, K. and {Berthier}, J. and {Blomme}, R. and {Busso}, G. and {Carry}, B. and {Cellino}, A. and {Clementini}, G. and {Cowell}, S. and {Creevey}, O. and {Cuypers}, J. and {Davidson}, M. and {De Ridder}, J. and {de Torres}, A. and {Delchambre}, L. and {Dell'Oro}, A. and {Ducourant}, C. and {Fr{\'e}mat}, Y. and {Garc{\'\i}a-Torres}, M. and {Gosset}, E. and {Halbwachs}, J. -L. and {Hambly}, N.~C. and {Harrison}, D.~L. and {Hauser}, M. and {Hestroffer}, D. and {Hodgkin}, S.~T. and {Huckle}, H.~E. and {Hutton}, A. and {Jasniewicz}, G. and {Jordan}, S. and {Kontizas}, M. and {Korn}, A.~J. and {Lanzafame}, A.~C. and {Manteiga}, M. and {Moitinho}, A. and {Muinonen}, K. and {Osinde}, J. and {Pancino}, E. and {Pauwels}, T. and {Petit}, J. -M. and {Recio-Blanco}, A. and {Robin}, A.~C. and {Sarro}, L.~M. and {Siopis}, C. and {Smith}, M. and {Smith}, K.~W. and {Sozzetti}, A. and {Thuillot}, W. and {van Reeven}, W. and {Viala}, Y. and {Abbas}, U. and {Abreu Aramburu}, A. and {Accart}, S. and {Aguado}, J.~J. and {Allan}, P.~M. and {Allasia}, W. and {Altavilla}, G. and {{\'A}lvarez}, M.~A. and {Alves}, J. and {Anderson}, R.~I. and {Andrei}, A.~H. and {Anglada Varela}, E. and {Antiche}, E. and {Antoja}, T. and {Ant{\'o}n}, S. and {Arcay}, B. and {Atzei}, A. and {Ayache}, L. and {Bach}, N. and {Baker}, S.~G. and {Balaguer-N{\'u}{\~n}ez}, L. and {Barache}, C. and {Barata}, C. and {Barbier}, A. and {Barblan}, F. and {Baroni}, M. and {Barrado y Navascu{\'e}s}, D. and {Barros}, M. and {Barstow}, M.~A. and {Becciani}, U. and {Bellazzini}, M. and {Bellei}, G. and {Bello Garc{\'\i}a}, A. and {Belokurov}, V. and {Bendjoya}, P. and {Berihuete}, A. and {Bianchi}, L. and {Bienaym{\'e}}, O. and {Billebaud}, F. and {Blagorodnova}, N. and {Blanco-Cuaresma}, S. and {Boch}, T. and {Bombrun}, A. and {Borrachero}, R. and {Bouquillon}, S. and {Bourda}, G. and {Bouy}, H. and {Bragaglia}, A. and {Breddels}, M.~A. and {Brouillet}, N. and {Br{\"u}semeister}, T. and {Bucciarelli}, B. and {Budnik}, F. and {Burgess}, P. and {Burgon}, R. and {Burlacu}, A. and {Busonero}, D. and {Buzzi}, R. and {Caffau}, E. and {Cambras}, J. and {Campbell}, H. and {Cancelliere}, R. and {Cantat-Gaudin}, T. and {Carlucci}, T. and {Carrasco}, J.~M. and {Castellani}, M. and {Charlot}, P. and {Charnas}, J. and {Charvet}, P. and {Chassat}, F. and {Chiavassa}, A. and {Clotet}, M. and {Cocozza}, G. and {Collins}, R.~S. and {Collins}, P. and {Costigan}, G. and {Crifo}, F. and {Cross}, N.~J.~G. and {Crosta}, M. and {Crowley}, C. and {Dafonte}, C. and {Damerdji}, Y. and {Dapergolas}, A. and {David}, P. and {David}, M. and {De Cat}, P. and {de Felice}, F. and {de Laverny}, P. and {De Luise}, F. and {De March}, R. and {de Martino}, D. and {de Souza}, R. and {Debosscher}, J. and {del Pozo}, E. and {Delbo}, M. and {Delgado}, A. and {Delgado}, H.~E. and {di Marco}, F. and {Di Matteo}, P. and {Diakite}, S. and {Distefano}, E. and {Dolding}, C. and {Dos Anjos}, S. and {Drazinos}, P. and {Dur{\'a}n}, J. and {Dzigan}, Y. and {Ecale}, E. and {Edvardsson}, B. and {Enke}, H. and {Erdmann}, M. and {Escolar}, D. and {Espina}, M. and {Evans}, N.~W. and {Eynard Bontemps}, G. and {Fabre}, C. and {Fabrizio}, M. and {Faigler}, S. and {Falc{\~a}o}, A.~J. and {Farr{\`a}s Casas}, M. and {Faye}, F. and {Federici}, L. and {Fedorets}, G. and {Fern{\'a}ndez-Hern{\'a}ndez}, J. and {Fernique}, P. and {Fienga}, A. and {Figueras}, F. and {Filippi}, F. and {Findeisen}, K. and {Fonti}, A. and {Fouesneau}, M. and {Fraile}, E. and {Fraser}, M. and {Fuchs}, J. and {Furnell}, R. and {Gai}, M. and {Galleti}, S. and {Galluccio}, L. and {Garabato}, D. and {Garc{\'\i}a-Sedano}, F. and {Gar{\'e}}, P. and {Garofalo}, A. and {Garralda}, N. and {Gavras}, P. and {Gerssen}, J. and {Geyer}, R. and {Gilmore}, G. and {Girona}, S. and {Giuffrida}, G. and {Gomes}, M. and {Gonz{\'a}lez-Marcos}, A. and {Gonz{\'a}lez-N{\'u}{\~n}ez}, J. and {Gonz{\'a}lez-Vidal}, J.~J. and {Granvik}, M. and {Guerrier}, A. and {Guillout}, P. and {Guiraud}, J. and {G{\'u}rpide}, A. and {Guti{\'e}rrez-S{\'a}nchez}, R. and {Guy}, L.~P. and {Haigron}, R. and {Hatzidimitriou}, D. and {Haywood}, M. and {Heiter}, U. and {Helmi}, A. and {Hobbs}, D. and {Hofmann}, W. and {Holl}, B. and {Holland}, G. and {Hunt}, J.~A.~S. and {Hypki}, A. and {Icardi}, V. and {Irwin}, M. and {Jevardat de Fombelle}, G. and {Jofr{\'e}}, P. and {Jonker}, P.~G. and {Jorissen}, A. and {Julbe}, F. and {Karampelas}, A. and {Kochoska}, A. and {Kohley}, R. and {Kolenberg}, K. and {Kontizas}, E. and {Koposov}, S.~E. and {Kordopatis}, G. and {Koubsky}, P. and {Kowalczyk}, A. and {Krone-Martins}, A. and {Kudryashova}, M. and {Kull}, I. and {Bachchan}, R.~K. and {Lacoste-Seris}, F. and {Lanza}, A.~F. and {Lavigne}, J. -B. and {Le Poncin-Lafitte}, C. and {Lebreton}, Y. and {Lebzelter}, T. and {Leccia}, S. and {Leclerc}, N. and {Lecoeur-Taibi}, I. and {Lemaitre}, V. and {Lenhardt}, H. and {Leroux}, F. and {Liao}, S. and {Licata}, E. and {Lindstr{\o}m}, H.~E.~P. and {Lister}, T.~A. and {Livanou}, E. and {Lobel}, A. and {L{\"o}ffler}, W. and {L{\'o}pez}, M. and {Lopez-Lozano}, A. and {Lorenz}, D. and {Loureiro}, T. and {MacDonald}, I. and {Magalh{\~a}es Fernandes}, T. and {Managau}, S. and {Mann}, R.~G. and {Mantelet}, G. and {Marchal}, O. and {Marchant}, J.~M. and {Marconi}, M. and {Marie}, J. and {Marinoni}, S. and {Marrese}, P.~M. and {Marschalk{\'o}}, G. and {Marshall}, D.~J. and {Mart{\'\i}n-Fleitas}, J.~M. and {Martino}, M. and {Mary}, N. and {Matijevi{\v{c}}}, G. and {Mazeh}, T. and {McMillan}, P.~J. and {Messina}, S. and {Mestre}, A. and {Michalik}, D. and {Millar}, N.~R. and {Miranda}, B.~M.~H. and {Molina}, D. and {Molinaro}, R. and {Molinaro}, M. and {Moln{\'a}r}, L. and {Moniez}, M. and {Montegriffo}, P. and {Monteiro}, D. and {Mor}, R. and {Mora}, A. and {Morbidelli}, R. and {Morel}, T. and {Morgenthaler}, S. and {Morley}, T. and {Morris}, D. and {Mulone}, A.~F. and {Muraveva}, T. and {Musella}, I. and {Narbonne}, J. and {Nelemans}, G. and {Nicastro}, L. and {Noval}, L. and {Ord{\'e}novic}, C. and {Ordieres-Mer{\'e}}, J. and {Osborne}, P. and {Pagani}, C. and {Pagano}, I. and {Pailler}, F. and {Palacin}, H. and {Palaversa}, L. and {Parsons}, P. and {Paulsen}, T. and {Pecoraro}, M. and {Pedrosa}, R. and {Pentik{\"a}inen}, H. and {Pereira}, J. and {Pichon}, B. and {Piersimoni}, A.~M. and {Pineau}, F. -X. and {Plachy}, E. and {Plum}, G. and {Poujoulet}, E. and {Pr{\v{s}}a}, A. and {Pulone}, L. and {Ragaini}, S. and {Rago}, S. and {Rambaux}, N. and {Ramos-Lerate}, M. and {Ranalli}, P. and {Rauw}, G. and {Read}, A. and {Regibo}, S. and {Renk}, F. and {Reyl{\'e}}, C. and {Ribeiro}, R.~A. and {Rimoldini}, L. and {Ripepi}, V. and {Riva}, A. and {Rixon}, G. and {Roelens}, M. and {Romero-G{\'o}mez}, M. and {Rowell}, N. and {Royer}, F. and {Rudolph}, A. and {Ruiz-Dern}, L. and {Sadowski}, G. and {Sagrist{\`a} Sell{\'e}s}, T. and {Sahlmann}, J. and {Salgado}, J. and {Salguero}, E. and {Sarasso}, M. and {Savietto}, H. and {Schnorhk}, A. and {Schultheis}, M. and {Sciacca}, E. and {Segol}, M. and {Segovia}, J.~C. and {Segransan}, D. and {Serpell}, E. and {Shih}, I. -C. and {Smareglia}, R. and {Smart}, R.~L. and {Smith}, C. and {Solano}, E. and {Solitro}, F. and {Sordo}, R. and {Soria Nieto}, S. and {Souchay}, J. and {Spagna}, A. and {Spoto}, F. and {Stampa}, U. and {Steele}, I.~A. and {Steidelm{\"u}ller}, H. and {Stephenson}, C.~A. and {Stoev}, H. and {Suess}, F.~F. and {S{\"u}veges}, M. and {Surdej}, J. and {Szabados}, L. and {Szegedi-Elek}, E. and {Tapiador}, D. and {Taris}, F. and {Tauran}, G. and {Taylor}, M.~B. and {Teixeira}, R. and {Terrett}, D. and {Tingley}, B. and {Trager}, S.~C. and {Turon}, C. and {Ulla}, A. and {Utrilla}, E. and {Valentini}, G. and {van Elteren}, A. and {Van Hemelryck}, E. and {van Leeuwen}, M. and {Varadi}, M. and {Vecchiato}, A. and {Veljanoski}, J. and {Via}, T. and {Vicente}, D. and {Vogt}, S. and {Voss}, H. and {Votruba}, V. and {Voutsinas}, S. and {Walmsley}, G. and {Weiler}, M. and {Weingrill}, K. and {Werner}, D. and {Wevers}, T. and {Whitehead}, G. and {Wyrzykowski}, {\L}. and {Yoldas}, A. and {{\v{Z}}erjal}, M. and {Zucker}, S. and {Zurbach}, C. and {Zwitter}, T. and {Alecu}, A. and {Allen}, M. and {Allende Prieto}, C. and {Amorim}, A. and {Anglada-Escud{\'e}}, G. and {Arsenijevic}, V. and {Azaz}, S. and {Balm}, P. and {Beck}, M. and {Bernstein}, H. -H. and {Bigot}, L. and {Bijaoui}, A. and {Blasco}, C. and {Bonfigli}, M. and {Bono}, G. and {Boudreault}, S. and {Bressan}, A. and {Brown}, S. and {Brunet}, P. -M. and {Bunclark}, P. and {Buonanno}, R. and {Butkevich}, A.~G. and {Carret}, C. and {Carrion}, C. and {Chemin}, L. and {Ch{\'e}reau}, F. and {Corcione}, L. and {Darmigny}, E. and {de Boer}, K.~S. and {de Teodoro}, P. and {de Zeeuw}, P.~T. and {Delle Luche}, C. and {Domingues}, C.~D. and {Dubath}, P. and {Fodor}, F. and {Fr{\'e}zouls}, B. and {Fries}, A. and {Fustes}, D. and {Fyfe}, D. and {Gallardo}, E. and {Gallegos}, J. and {Gardiol}, D. and {Gebran}, M. and {Gomboc}, A. and {G{\'o}mez}, A. and {Grux}, E. and {Gueguen}, A. and {Heyrovsky}, A. and {Hoar}, J. and {Iannicola}, G. and {Isasi Parache}, Y. and {Janotto}, A. -M. and {Joliet}, E. and {Jonckheere}, A. and {Keil}, R. and {Kim}, D. -W. and {Klagyivik}, P. and {Klar}, J. and {Knude}, J. and {Kochukhov}, O. and {Kolka}, I. and {Kos}, J. and {Kutka}, A. and {Lainey}, V. and {LeBouquin}, D. and {Liu}, C. and {Loreggia}, D. and {Makarov}, V.~V. and {Marseille}, M.~G. and {Martayan}, C. and {Martinez-Rubi}, O. and {Massart}, B. and {Meynadier}, F. and {Mignot}, S. and {Munari}, U. and {Nguyen}, A. -T. and {Nordlander}, T. and {Ocvirk}, P. and {O'Flaherty}, K.~S. and {Olias Sanz}, A. and {Ortiz}, P. and {Osorio}, J. and {Oszkiewicz}, D. and {Ouzounis}, A. and {Palmer}, M. and {Park}, P. and {Pasquato}, E. and {Peltzer}, C. and {Peralta}, J. and {P{\'e}turaud}, F. and {Pieniluoma}, T. and {Pigozzi}, E. and {Poels}, J. and {Prat}, G. and {Prod'homme}, T. and {Raison}, F. and {Rebordao}, J.~M. and {Risquez}, D. and {Rocca-Volmerange}, B. and {Rosen}, S. and {Ruiz-Fuertes}, M.~I. and {Russo}, F. and {Sembay}, S. and {Serraller Vizcaino}, I. and {Short}, A. and {Siebert}, A. and {Silva}, H. and {Sinachopoulos}, D. and {Slezak}, E. and {Soffel}, M. and {Sosnowska}, D. and {Strai{\v{z}}ys}, V. and {ter Linden}, M. and {Terrell}, D. and {Theil}, S. and {Tiede}, C. and {Troisi}, L. and {Tsalmantza}, P. and {Tur}, D. and {Vaccari}, M. and {Vachier}, F. and {Valles}, P. and {Van Hamme}, W. and {Veltz}, L. and {Virtanen}, J. and {Wallut}, J. -M. and {Wichmann}, R. and {Wilkinson}, M.~I. and {Ziaeepour}, H. and {Zschocke}, S.},
        title = "{The Gaia mission}",
      journal = {\aap},
     keywords = {space vehicles: instruments, Galaxy: structure, astrometry, parallaxes, proper motions, telescopes, Astrophysics - Instrumentation and Methods for Astrophysics},
         year = 2016,
        month = nov,
       volume = {595},
          eid = {A1},
        pages = {A1},
          doi = {10.1051/0004-6361/201629272},
archivePrefix = {arXiv},
       eprint = {1609.04153},
 primaryClass = {astro-ph.IM},
       adsurl = {https://ui.adsabs.harvard.edu/abs/2016A&A...595A...1G},
      adsnote = {Provided by the SAO/NASA Astrophysics Data System}
}


@ARTICLE{ZTF_Surveys_Scheduler,
       author = {{Bellm}, Eric C. and {Kulkarni}, Shrinivas R. and {Barlow}, Tom and {Feindt}, Ulrich and {Graham}, Matthew J. and {Goobar}, Ariel and {Kupfer}, Thomas and {Ngeow}, Chow-Choong and {Nugent}, Peter and {Ofek}, Eran and {Prince}, Thomas A. and {Riddle}, Reed and {Walters}, Richard and {Ye}, Quan-Zhi},
        title = "{The Zwicky Transient Facility: Surveys and Scheduler}",
      journal = {\pasp},
     keywords = {Astrophysics - Instrumentation and Methods for Astrophysics},
         year = 2019,
        month = jun,
       volume = {131},
       number = {1000},
        pages = {068003},
          doi = {10.1088/1538-3873/ab0c2a},
archivePrefix = {arXiv},
       eprint = {1905.02209},
 primaryClass = {astro-ph.IM},
       adsurl = {https://ui.adsabs.harvard.edu/abs/2019PASP..131f8003B},
      adsnote = {Provided by the SAO/NASA Astrophysics Data System}
}

@ARTICLE{ZTF_Science_Objectives,
       author = {{Graham}, Matthew J. and {Kulkarni}, S.~R. and {Bellm}, Eric C. and {Adams}, Scott M. and {Barbarino}, Cristina and {Blagorodnova}, Nadejda and {Bodewits}, Dennis and {Bolin}, Bryce and {Brady}, Patrick R. and {Cenko}, S. Bradley and {Chang}, Chan-Kao and {Coughlin}, Michael W. and {De}, Kishalay and {Eadie}, Gwendolyn and {Farnham}, Tony L. and {Feindt}, Ulrich and {Franckowiak}, Anna and {Fremling}, Christoffer and {Gezari}, Suvi and {Ghosh}, Shaon and {Goldstein}, Daniel A. and {Golkhou}, V. Zach and {Goobar}, Ariel and {Ho}, Anna Y.~Q. and {Huppenkothen}, Daniela and {Ivezi{\'c}}, {\v{Z}}eljko and {Jones}, R. Lynne and {Juric}, Mario and {Kaplan}, David L. and {Kasliwal}, Mansi M. and {Kelley}, Michael S.~P. and {Kupfer}, Thomas and {Lee}, Chien-De and {Lin}, Hsing Wen and {Lunnan}, Ragnhild and {Mahabal}, Ashish A. and {Miller}, Adam A. and {Ngeow}, Chow-Choong and {Nugent}, Peter and {Ofek}, Eran O. and {Prince}, Thomas A. and {Rauch}, Ludwig and {van Roestel}, Jan and {Schulze}, Steve and {Singer}, Leo P. and {Sollerman}, Jesper and {Taddia}, Francesco and {Yan}, Lin and {Ye}, Quan-Zhi and {Yu}, Po-Chieh and {Barlow}, Tom and {Bauer}, James and {Beck}, Ron and {Belicki}, Justin and {Biswas}, Rahul and {Brinnel}, Valery and {Brooke}, Tim and {Bue}, Brian and {Bulla}, Mattia and {Burruss}, Rick and {Connolly}, Andrew and {Cromer}, John and {Cunningham}, Virginia and {Dekany}, Richard and {Delacroix}, Alex and {Desai}, Vandana and {Duev}, Dmitry A. and {Feeney}, Michael and {Flynn}, David and {Frederick}, Sara and {Gal-Yam}, Avishay and {Giomi}, Matteo and {Groom}, Steven and {Hacopians}, Eugean and {Hale}, David and {Helou}, George and {Henning}, John and {Hover}, David and {Hillenbrand}, Lynne A. and {Howell}, Justin and {Hung}, Tiara and {Imel}, David and {Ip}, Wing-Huen and {Jackson}, Edward and {Kaspi}, Shai and {Kaye}, Stephen and {Kowalski}, Marek and {Kramer}, Emily and {Kuhn}, Michael and {Landry}, Walter and {Laher}, Russ R. and {Mao}, Peter and {Masci}, Frank J. and {Monkewitz}, Serge and {Murphy}, Patrick and {Nordin}, Jakob and {Patterson}, Maria T. and {Penprase}, Bryan and {Porter}, Michael and {Rebbapragada}, Umaa and {Reiley}, Dan and {Riddle}, Reed and {Rigault}, Mickael and {Rodriguez}, Hector and {Rusholme}, Ben and {van Santen}, Jakob and {Shupe}, David L. and {Smith}, Roger M. and {Soumagnac}, Maayane T. and {Stein}, Robert and {Surace}, Jason and {Szkody}, Paula and {Terek}, Scott and {Van Sistine}, Angela and {van Velzen}, Sjoert and {Vestrand}, W. Thomas and {Walters}, Richard and {Ward}, Charlotte and {Zhang}, Chaoran and {Zolkower}, Jeffry},
        title = "{The Zwicky Transient Facility: Science Objectives}",
      journal = {\pasp},
     keywords = {Astrophysics - Instrumentation and Methods for Astrophysics, Astrophysics - High Energy Astrophysical Phenomena},
         year = 2019,
        month = jul,
       volume = {131},
       number = {1001},
        pages = {078001},
          doi = {10.1088/1538-3873/ab006c},
archivePrefix = {arXiv},
       eprint = {1902.01945},
 primaryClass = {astro-ph.IM},
       adsurl = {https://ui.adsabs.harvard.edu/abs/2019PASP..131g8001G},
      adsnote = {Provided by the SAO/NASA Astrophysics Data System}
}

@ARTICLE{ZTF_Observing_System,
       author = {{Dekany}, Richard and {Smith}, Roger M. and {Riddle}, Reed and {Feeney}, Michael and {Porter}, Michael and {Hale}, David and {Zolkower}, Jeffry and {Belicki}, Justin and {Kaye}, Stephen and {Henning}, John and {Walters}, Richard and {Cromer}, John and {Delacroix}, Alex and {Rodriguez}, Hector and {Reiley}, Daniel J. and {Mao}, Peter and {Hover}, David and {Murphy}, Patrick and {Burruss}, Rick and {Baker}, John and {Kowalski}, Marek and {Reif}, Klaus and {Mueller}, Phillip and {Bellm}, Eric and {Graham}, Matthew and {Kulkarni}, Shrinivas R.},
        title = "{The Zwicky Transient Facility: Observing System}",
      journal = {\pasp},
     keywords = {instrumentation: detectors, instrumentation: miscellaneous, methods: observational, surveys, techniques: photometric, time, Astrophysics - Instrumentation and Methods for Astrophysics, Physics - Instrumentation and Detectors, Physics - Optics},
         year = 2020,
        month = mar,
       volume = {132},
       number = {1009},
          eid = {038001},
        pages = {038001},
          doi = {10.1088/1538-3873/ab4ca2},
archivePrefix = {arXiv},
       eprint = {2008.04923},
 primaryClass = {astro-ph.IM},
       adsurl = {https://ui.adsabs.harvard.edu/abs/2020PASP..132c8001D},
      adsnote = {Provided by the SAO/NASA Astrophysics Data System}
}


@ARTICLE{ZTF_Instrumentation,
       author = {{Masci}, Frank J. and {Laher}, Russ R. and {Rusholme}, Ben and {Shupe}, David L. and {Groom}, Steven and {Surace}, Jason and {Jackson}, Edward and {Monkewitz}, Serge and {Beck}, Ron and {Flynn}, David and {Terek}, Scott and {Landry}, Walter and {Hacopians}, Eugean and {Desai}, Vandana and {Howell}, Justin and {Brooke}, Tim and {Imel}, David and {Wachter}, Stefanie and {Ye}, Quan-Zhi and {Lin}, Hsing-Wen and {Cenko}, S. Bradley and {Cunningham}, Virginia and {Rebbapragada}, Umaa and {Bue}, Brian and {Miller}, Adam A. and {Mahabal}, Ashish and {Bellm}, Eric C. and {Patterson}, Maria T. and {Juri{\'c}}, Mario and {Golkhou}, V. Zach and {Ofek}, Eran O. and {Walters}, Richard and {Graham}, Matthew and {Kasliwal}, Mansi M. and {Dekany}, Richard G. and {Kupfer}, Thomas and {Burdge}, Kevin and {Cannella}, Christopher B. and {Barlow}, Tom and {Van Sistine}, Angela and {Giomi}, Matteo and {Fremling}, Christoffer and {Blagorodnova}, Nadejda and {Levitan}, David and {Riddle}, Reed and {Smith}, Roger M. and {Helou}, George and {Prince}, Thomas A. and {Kulkarni}, Shrinivas R.},
        title = "{The Zwicky Transient Facility: Data Processing, Products, and Archive}",
      journal = {\pasp},
     keywords = {Astrophysics - Instrumentation and Methods for Astrophysics},
         year = 2019,
        month = jan,
       volume = {131},
       number = {995},
        pages = {018003},
          doi = {10.1088/1538-3873/aae8ac},
archivePrefix = {arXiv},
       eprint = {1902.01872},
 primaryClass = {astro-ph.IM},
       adsurl = {https://ui.adsabs.harvard.edu/abs/2019PASP..131a8003M},
      adsnote = {Provided by the SAO/NASA Astrophysics Data System}
}

@ARTICLE{ZTF_overview_and_1st_results,
       author = {{Bellm}, Eric C. and {Kulkarni}, Shrinivas R. and {Graham}, Matthew J. and {Dekany}, Richard and {Smith}, Roger M. and {Riddle}, Reed and {Masci}, Frank J. and {Helou}, George and {Prince}, Thomas A. and {Adams}, Scott M. and {Barbarino}, C. and {Barlow}, Tom and {Bauer}, James and {Beck}, Ron and {Belicki}, Justin and {Biswas}, Rahul and {Blagorodnova}, Nadejda and {Bodewits}, Dennis and {Bolin}, Bryce and {Brinnel}, Valery and {Brooke}, Tim and {Bue}, Brian and {Bulla}, Mattia and {Burruss}, Rick and {Cenko}, S. Bradley and {Chang}, Chan-Kao and {Connolly}, Andrew and {Coughlin}, Michael and {Cromer}, John and {Cunningham}, Virginia and {De}, Kishalay and {Delacroix}, Alex and {Desai}, Vandana and {Duev}, Dmitry A. and {Eadie}, Gwendolyn and {Farnham}, Tony L. and {Feeney}, Michael and {Feindt}, Ulrich and {Flynn}, David and {Franckowiak}, Anna and {Frederick}, S. and {Fremling}, C. and {Gal-Yam}, Avishay and {Gezari}, Suvi and {Giomi}, Matteo and {Goldstein}, Daniel A. and {Golkhou}, V. Zach and {Goobar}, Ariel and {Groom}, Steven and {Hacopians}, Eugean and {Hale}, David and {Henning}, John and {Ho}, Anna Y.~Q. and {Hover}, David and {Howell}, Justin and {Hung}, Tiara and {Huppenkothen}, Daniela and {Imel}, David and {Ip}, Wing-Huen and {Ivezi{\'c}}, {\v{Z}}eljko and {Jackson}, Edward and {Jones}, Lynne and {Juric}, Mario and {Kasliwal}, Mansi M. and {Kaspi}, S. and {Kaye}, Stephen and {Kelley}, Michael S.~P. and {Kowalski}, Marek and {Kramer}, Emily and {Kupfer}, Thomas and {Landry}, Walter and {Laher}, Russ R. and {Lee}, Chien-De and {Lin}, Hsing Wen and {Lin}, Zhong-Yi and {Lunnan}, Ragnhild and {Giomi}, Matteo and {Mahabal}, Ashish and {Mao}, Peter and {Miller}, Adam A. and {Monkewitz}, Serge and {Murphy}, Patrick and {Ngeow}, Chow-Choong and {Nordin}, Jakob and {Nugent}, Peter and {Ofek}, Eran and {Patterson}, Maria T. and {Penprase}, Bryan and {Porter}, Michael and {Rauch}, Ludwig and {Rebbapragada}, Umaa and {Reiley}, Dan and {Rigault}, Mickael and {Rodriguez}, Hector and {van Roestel}, Jan and {Rusholme}, Ben and {van Santen}, Jakob and {Schulze}, S. and {Shupe}, David L. and {Singer}, Leo P. and {Soumagnac}, Maayane T. and {Stein}, Robert and {Surace}, Jason and {Sollerman}, Jesper and {Szkody}, Paula and {Taddia}, F. and {Terek}, Scott and {Van Sistine}, Angela and {van Velzen}, Sjoert and {Vestrand}, W. Thomas and {Walters}, Richard and {Ward}, Charlotte and {Ye}, Quan-Zhi and {Yu}, Po-Chieh and {Yan}, Lin and {Zolkower}, Jeffry},
        title = "{The Zwicky Transient Facility: System Overview, Performance, and First Results}",
      journal = {\pasp},
     keywords = {Astrophysics - Instrumentation and Methods for Astrophysics},
         year = 2019,
        month = jan,
       volume = {131},
       number = {995},
        pages = {018002},
          doi = {10.1088/1538-3873/aaecbe},
archivePrefix = {arXiv},
       eprint = {1902.01932},
 primaryClass = {astro-ph.IM},
       adsurl = {https://ui.adsabs.harvard.edu/abs/2019PASP..131a8002B},
      adsnote = {Provided by the SAO/NASA Astrophysics Data System}
}


@ARTICLE{ATLAS,
       author = {{Tonry}, J.~L. and {Denneau}, L. and {Heinze}, A.~N. and {Stalder}, B. and {Smith}, K.~W. and {Smartt}, S.~J. and {Stubbs}, C.~W. and {Weiland}, H.~J. and {Rest}, A.},
        title = "{ATLAS: A High-cadence All-sky Survey System}",
      journal = {\pasp},
     keywords = {Astrophysics - Instrumentation and Methods for Astrophysics},
         year = 2018,
        month = jun,
       volume = {130},
       number = {988},
        pages = {064505},
          doi = {10.1088/1538-3873/aabadf},
archivePrefix = {arXiv},
       eprint = {1802.00879},
 primaryClass = {astro-ph.IM},
       adsurl = {https://ui.adsabs.harvard.edu/abs/2018PASP..130f4505T},
      adsnote = {Provided by the SAO/NASA Astrophysics Data System}
}

@ARTICLE{Planck18VI,
       author = {{Planck Collaboration} and {Aghanim}, N. and {Akrami}, Y. and {Ashdown}, M. and {Aumont}, J. and {Baccigalupi}, C. and {Ballardini}, M. and {Banday}, A.~J. and {Barreiro}, R.~B. and {Bartolo}, N. and {Basak}, S. and {Battye}, R. and {Benabed}, K. and {Bernard}, J. -P. and {Bersanelli}, M. and {Bielewicz}, P. and {Bock}, J.~J. and {Bond}, J.~R. and {Borrill}, J. and {Bouchet}, F.~R. and {Boulanger}, F. and {Bucher}, M. and {Burigana}, C. and {Butler}, R.~C. and {Calabrese}, E. and {Cardoso}, J. -F. and {Carron}, J. and {Challinor}, A. and {Chiang}, H.~C. and {Chluba}, J. and {Colombo}, L.~P.~L. and {Combet}, C. and {Contreras}, D. and {Crill}, B.~P. and {Cuttaia}, F. and {de Bernardis}, P. and {de Zotti}, G. and {Delabrouille}, J. and {Delouis}, J. -M. and {Di Valentino}, E. and {Diego}, J.~M. and {Dor{\'e}}, O. and {Douspis}, M. and {Ducout}, A. and {Dupac}, X. and {Dusini}, S. and {Efstathiou}, G. and {Elsner}, F. and {En{\ss}lin}, T.~A. and {Eriksen}, H.~K. and {Fantaye}, Y. and {Farhang}, M. and {Fergusson}, J. and {Fernandez-Cobos}, R. and {Finelli}, F. and {Forastieri}, F. and {Frailis}, M. and {Fraisse}, A.~A. and {Franceschi}, E. and {Frolov}, A. and {Galeotta}, S. and {Galli}, S. and {Ganga}, K. and {G{\'e}nova-Santos}, R.~T. and {Gerbino}, M. and {Ghosh}, T. and {Gonz{\'a}lez-Nuevo}, J. and {G{\'o}rski}, K.~M. and {Gratton}, S. and {Gruppuso}, A. and {Gudmundsson}, J.~E. and {Hamann}, J. and {Handley}, W. and {Hansen}, F.~K. and {Herranz}, D. and {Hildebrandt}, S.~R. and {Hivon}, E. and {Huang}, Z. and {Jaffe}, A.~H. and {Jones}, W.~C. and {Karakci}, A. and {Keih{\"a}nen}, E. and {Keskitalo}, R. and {Kiiveri}, K. and {Kim}, J. and {Kisner}, T.~S. and {Knox}, L. and {Krachmalnicoff}, N. and {Kunz}, M. and {Kurki-Suonio}, H. and {Lagache}, G. and {Lamarre}, J. -M. and {Lasenby}, A. and {Lattanzi}, M. and {Lawrence}, C.~R. and {Le Jeune}, M. and {Lemos}, P. and {Lesgourgues}, J. and {Levrier}, F. and {Lewis}, A. and {Liguori}, M. and {Lilje}, P.~B. and {Lilley}, M. and {Lindholm}, V. and {L{\'o}pez-Caniego}, M. and {Lubin}, P.~M. and {Ma}, Y. -Z. and {Mac{\'\i}as-P{\'e}rez}, J.~F. and {Maggio}, G. and {Maino}, D. and {Mandolesi}, N. and {Mangilli}, A. and {Marcos-Caballero}, A. and {Maris}, M. and {Martin}, P.~G. and {Martinelli}, M. and {Mart{\'\i}nez-Gonz{\'a}lez}, E. and {Matarrese}, S. and {Mauri}, N. and {McEwen}, J.~D. and {Meinhold}, P.~R. and {Melchiorri}, A. and {Mennella}, A. and {Migliaccio}, M. and {Millea}, M. and {Mitra}, S. and {Miville-Desch{\^e}nes}, M. -A. and {Molinari}, D. and {Montier}, L. and {Morgante}, G. and {Moss}, A. and {Natoli}, P. and {N{\o}rgaard-Nielsen}, H.~U. and {Pagano}, L. and {Paoletti}, D. and {Partridge}, B. and {Patanchon}, G. and {Peiris}, H.~V. and {Perrotta}, F. and {Pettorino}, V. and {Piacentini}, F. and {Polastri}, L. and {Polenta}, G. and {Puget}, J. -L. and {Rachen}, J.~P. and {Reinecke}, M. and {Remazeilles}, M. and {Renzi}, A. and {Rocha}, G. and {Rosset}, C. and {Roudier}, G. and {Rubi{\~n}o-Mart{\'\i}n}, J.~A. and {Ruiz-Granados}, B. and {Salvati}, L. and {Sandri}, M. and {Savelainen}, M. and {Scott}, D. and {Shellard}, E.~P.~S. and {Sirignano}, C. and {Sirri}, G. and {Spencer}, L.~D. and {Sunyaev}, R. and {Suur-Uski}, A. -S. and {Tauber}, J.~A. and {Tavagnacco}, D. and {Tenti}, M. and {Toffolatti}, L. and {Tomasi}, M. and {Trombetti}, T. and {Valenziano}, L. and {Valiviita}, J. and {Van Tent}, B. and {Vibert}, L. and {Vielva}, P. and {Villa}, F. and {Vittorio}, N. and {Wandelt}, B.~D. and {Wehus}, I.~K. and {White}, M. and {White}, S.~D.~M. and {Zacchei}, A. and {Zonca}, A.},
        title = "{Planck 2018 results. VI. Cosmological parameters}",
      journal = {\aap},
     keywords = {cosmic background radiation, cosmological parameters, Astrophysics - Cosmology and Nongalactic Astrophysics},
         year = 2020,
        month = sep,
       volume = {641},
          eid = {A6},
        pages = {A6},
          doi = {10.1051/0004-6361/201833910},
archivePrefix = {arXiv},
       eprint = {1807.06209},
 primaryClass = {astro-ph.CO},
       adsurl = {https://ui.adsabs.harvard.edu/abs/2020A&A...641A...6P},
      adsnote = {Provided by the SAO/NASA Astrophysics Data System}
}


@ARTICLE{Open_SN_cat,
       author = {{Guillochon}, James and {Parrent}, Jerod and {Kelley}, Luke Zoltan and {Margutti}, Raffaella},
        title = "{An Open Catalog for Supernova Data}",
      journal = {\apj},
     keywords = {catalogs, ISM: supernova remnants, supernovae: general, Astrophysics - Solar and Stellar Astrophysics, Astrophysics - High Energy Astrophysical Phenomena, Astrophysics - Instrumentation and Methods for Astrophysics},
         year = 2017,
        month = jan,
       volume = {835},
       number = {1},
          eid = {64},
        pages = {64},
          doi = {10.3847/1538-4357/835/1/64},
archivePrefix = {arXiv},
       eprint = {1605.01054},
 primaryClass = {astro-ph.SR},
       adsurl = {https://ui.adsabs.harvard.edu/abs/2017ApJ...835...64G},
      adsnote = {Provided by the SAO/NASA Astrophysics Data System}
}


@ARTICLE{wiserep,
       author = {{Yaron}, Ofer and {Gal-Yam}, Avishay},
        title = "{WISeREP{\textemdash}An Interactive Supernova Data Repository}",
      journal = {\pasp},
     keywords = {Astrophysics - Instrumentation and Methods for Astrophysics, Astrophysics - Cosmology and Nongalactic Astrophysics, Astrophysics - High Energy Astrophysical Phenomena},
         year = 2012,
        month = jul,
       volume = {124},
       number = {917},
        pages = {668},
          doi = {10.1086/666656},
archivePrefix = {arXiv},
       eprint = {1204.1891},
 primaryClass = {astro-ph.IM},
       adsurl = {https://ui.adsabs.harvard.edu/abs/2012PASP..124..668Y},
      adsnote = {Provided by the SAO/NASA Astrophysics Data System}
}

@software{fpbot,
  author       = {Simeon Reusch},
  title        = {simeonreusch/fpbot: Release 1.1.3},
  month        = aug,
  year         = 2023,
  publisher    = {Zenodo},
  version      = {v1.1.3},
  doi          = {10.5281/zenodo.8279548},
  url          = {https://doi.org/10.5281/zenodo.8279548}
}

@ARTICLE{EFOSC2,
       author = {{Buzzoni}, B. and {Delabre}, B. and {Dekker}, H. and {Dodorico}, S. and {Enard}, D. and {Focardi}, P. and {Gustafsson}, B. and {Nees}, W. and {Paureau}, J. and {Reiss}, R.},
        title = "{The ESO Faint Object Spectrograph and Camera / EFOSC}",
      journal = {The Messenger},
     keywords = {Faint Object Camera, Performance Tests, Spectrographs, Systems Engineering, Astronomical Observatories, Astronomical Spectroscopy, Maintenance, Radio Galaxies, Supernovae, Telescopes, Astronomy},
         year = 1984,
        month = dec,
       volume = {38},
        pages = {9},
       adsurl = {https://ui.adsabs.harvard.edu/abs/1984Msngr..38....9B},
      adsnote = {Provided by the SAO/NASA Astrophysics Data System}
}


@ARTICLE{PESSTO,
       author = {{Smartt}, S.~J. and {Valenti}, S. and {Fraser}, M. and {Inserra}, C. and {Young}, D.~R. and {Sullivan}, M. and {Pastorello}, A. and {Benetti}, S. and {Gal-Yam}, A. and {Knapic}, C. and {Molinaro}, M. and {Smareglia}, R. and {Smith}, K.~W. and {Taubenberger}, S. and {Yaron}, O. and {Anderson}, J.~P. and {Ashall}, C. and {Balland}, C. and {Baltay}, C. and {Barbarino}, C. and {Bauer}, F.~E. and {Baumont}, S. and {Bersier}, D. and {Blagorodnova}, N. and {Bongard}, S. and {Botticella}, M.~T. and {Bufano}, F. and {Bulla}, M. and {Cappellaro}, E. and {Campbell}, H. and {Cellier-Holzem}, F. and {Chen}, T. -W. and {Childress}, M.~J. and {Clocchiatti}, A. and {Contreras}, C. and {Dall'Ora}, M. and {Danziger}, J. and {de Jaeger}, T. and {De Cia}, A. and {Della Valle}, M. and {Dennefeld}, M. and {Elias-Rosa}, N. and {Elman}, N. and {Feindt}, U. and {Fleury}, M. and {Gall}, E. and {Gonzalez-Gaitan}, S. and {Galbany}, L. and {Morales Garoffolo}, A. and {Greggio}, L. and {Guillou}, L.~L. and {Hachinger}, S. and {Hadjiyska}, E. and {Hage}, P.~E. and {Hillebrandt}, W. and {Hodgkin}, S. and {Hsiao}, E.~Y. and {James}, P.~A. and {Jerkstrand}, A. and {Kangas}, T. and {Kankare}, E. and {Kotak}, R. and {Kromer}, M. and {Kuncarayakti}, H. and {Leloudas}, G. and {Lundqvist}, P. and {Lyman}, J.~D. and {Hook}, I.~M. and {Maguire}, K. and {Manulis}, I. and {Margheim}, S.~J. and {Mattila}, S. and {Maund}, J.~R. and {Mazzali}, P.~A. and {McCrum}, M. and {McKinnon}, R. and {Moreno-Raya}, M.~E. and {Nicholl}, M. and {Nugent}, P. and {Pain}, R. and {Pignata}, G. and {Phillips}, M.~M. and {Polshaw}, J. and {Pumo}, M.~L. and {Rabinowitz}, D. and {Reilly}, E. and {Romero-Ca{\~n}izales}, C. and {Scalzo}, R. and {Schmidt}, B. and {Schulze}, S. and {Sim}, S. and {Sollerman}, J. and {Taddia}, F. and {Tartaglia}, L. and {Terreran}, G. and {Tomasella}, L. and {Turatto}, M. and {Walker}, E. and {Walton}, N.~A. and {Wyrzykowski}, L. and {Yuan}, F. and {Zampieri}, L.},
        title = "{PESSTO: survey description and products from the first data release by the Public ESO Spectroscopic Survey of Transient Objects}",
      journal = {\aap},
     keywords = {instrumentation: spectrographs, methods: data analysis, techniques: spectroscopic, surveys, supernovae: general, Astrophysics - Solar and Stellar Astrophysics, Astrophysics - Instrumentation and Methods for Astrophysics},
         year = 2015,
        month = jul,
       volume = {579},
          eid = {A40},
        pages = {A40},
          doi = {10.1051/0004-6361/201425237},
archivePrefix = {arXiv},
       eprint = {1411.0299},
 primaryClass = {astro-ph.SR},
       adsurl = {https://ui.adsabs.harvard.edu/abs/2015A&A...579A..40S},
      adsnote = {Provided by the SAO/NASA Astrophysics Data System}
}





%%%%%%%%%%%%
% Software %
%%%%%%%%%%%%
@ARTICLE{lacosmic,
       author = {{van Dokkum}, Pieter G.},
        title = "{Cosmic-Ray Rejection by Laplacian Edge Detection}",
      journal = {\pasp},
     keywords = {Instrumentation: Detectors, Methods: Data Analysis-techniques: image processing, Astrophysics},
         year = 2001,
        month = nov,
       volume = {113},
       number = {789},
        pages = {1420-1427},
          doi = {10.1086/323894},
archivePrefix = {arXiv},
       eprint = {astro-ph/0108003},
 primaryClass = {astro-ph},
       adsurl = {https://ui.adsabs.harvard.edu/abs/2001PASP..113.1420V},
      adsnote = {Provided by the SAO/NASA Astrophysics Data System}
}

@software{astroSCRAPPY,
  author       = {Curtis McCully and
                  Steve Crawford and
                  Gabor Kovacs and
                  Erik Tollerud and
                  Edward Betts and
                  Larry Bradley and
                  Matt Craig and
                  James Turner and
                  Ole Streicher and
                  Brigitta Sipocz and
                  Thomas Robitaille and
                  Christoph Deil},
  title        = {astropy/astroscrappy: v1.0.5 Zenodo Release},
  month        = nov,
  year         = 2018,
  publisher    = {Zenodo},
  version      = {v1.0.5},
  doi          = {10.5281/zenodo.1482019},
  url          = {https://doi.org/10.5281/zenodo.1482019}
}

@software{simsurvey,
  author       = {{Feindt}, U. and
                  {Rigault} M. and
                  {Brinnel} V. and
                  {Nordin} J.},
  title        = {ufeindt/simsurvey: 0.6.0},
  month        = sep,
  year         = 2019,
  publisher    = {Zenodo},
  version      = {0.6.0},
  doi          = {10.5281/zenodo.3384863},
  url          = {https://doi.org/10.5281/zenodo.3384863}
}

@ARTICLE{simsurvey_main,
       author = {{Feindt}, Ulrich and {Nordin}, Jakob and {Rigault}, Mickael and {Brinnel}, Val{\'e}ry and {Dhawan}, Suhail and {Goobar}, Ariel and {Kowalski}, Marek},
        title = "{simsurvey: estimating transient discovery rates for the Zwicky transient facility}",
      journal = {\jcap},
     keywords = {Astrophysics - Instrumentation and Methods for Astrophysics},
         year = 2019,
        month = oct,
       volume = {2019},
       number = {10},
          eid = {005},
        pages = {005},
          doi = {10.1088/1475-7516/2019/10/005},
archivePrefix = {arXiv},
       eprint = {1902.03923},
 primaryClass = {astro-ph.IM},
       adsurl = {https://ui.adsabs.harvard.edu/abs/2019JCAP...10..005F},
      adsnote = {Provided by the SAO/NASA Astrophysics Data System}
}





%%%%%%%%%%%%%%%%%%%%%
% Telescope related %
%%%%%%%%%%%%%%%%%%%%%
@ARTICLE{diff_refrac_atmosphere,
       author = {{Filippenko}, A.~V.},
        title = "{The importance of atmospheric differential refraction in spectrophotometry.}",
      journal = {\pasp},
     keywords = {Atmospheric Refraction, Instrument Errors, Spectrophotometry, Telescopes, Ambient Temperature, Atmospheric Pressure, Error Analysis, Optimization, Pressure Effects, Temperature Effects, Astronomy},
         year = 1982,
        month = aug,
       volume = {94},
        pages = {715-721},
          doi = {10.1086/131052},
       adsurl = {https://ui.adsabs.harvard.edu/abs/1982PASP...94..715F},
      adsnote = {Provided by the SAO/NASA Astrophysics Data System}
}

@INPROCEEDINGS{Photometry_techniques,
       author = {{Da Costa}, G.~S.},
        title = "{Basic Photometry Techniques}",
    booktitle = {Astronomical CCD Observing and Reduction Techniques},
         year = 1992,
       editor = {{Howell}, Steve B.},
       series = {Astronomical Society of the Pacific Conference Series},
       volume = {23},
        month = jan,
        pages = {90},
       adsurl = {https://ui.adsabs.harvard.edu/abs/1992ASPC...23...90D},
      adsnote = {Provided by the SAO/NASA Astrophysics Data System}
}

